<?xml version="1.0" encoding="UTF-8"?>
<collection xmlns="http://www.loc.gov/MARC21/slim">
<record>
  <controlfield tag="001">1082926</controlfield>
  <controlfield tag="005">20150619015125.0</controlfield>
  <datafield tag="024" ind1="7" ind2=" ">
    <subfield code="2">DOI</subfield>
    <subfield code="a">10.1016/j.cpc.2014.06.021</subfield>
  </datafield>
  <datafield tag="035" ind1=" " ind2=" ">
    <subfield code="9">DESY</subfield>
    <subfield code="z">D12-02551</subfield>
  </datafield>
  <datafield tag="035" ind1=" " ind2=" ">
    <subfield code="9">SPIRESTeX</subfield>
    <subfield code="a">Czakon:2011xx</subfield>
  </datafield>
  <datafield tag="035" ind1=" " ind2=" ">
    <subfield code="9">CDS</subfield>
    <subfield code="a">1409980</subfield>
  </datafield>
  <datafield tag="035" ind1=" " ind2=" ">
    <subfield code="9">arXiv</subfield>
    <subfield code="a">oai:arXiv.org:1112.5675</subfield>
  </datafield>
  <datafield tag="037" ind1=" " ind2=" ">
    <subfield code="a">CERN-PH-TH-2011-303</subfield>
  </datafield>
  <datafield tag="037" ind1=" " ind2=" ">
    <subfield code="a">TTK-11-58</subfield>
  </datafield>
  <datafield tag="037" ind1=" " ind2=" ">
    <subfield code="9">arXiv</subfield>
    <subfield code="a">arXiv:1112.5675</subfield>
    <subfield code="c">hep-ph</subfield>
  </datafield>
  <datafield tag="100" ind1=" " ind2=" ">
    <subfield code="a">Czakon, Michal</subfield>
    <subfield code="u">Aachen, Tech. Hochsch.</subfield>
    <subfield code="z">902624</subfield>
  </datafield>
  <datafield tag="245" ind1=" " ind2=" ">
    <subfield code="a">Top++: A Program for the Calculation of the Top-Pair Cross-Section at Hadron Colliders</subfield>
  </datafield>
  <datafield tag="246" ind1=" " ind2=" ">
    <subfield code="9">arXiv</subfield>
    <subfield code="a">Top++: a program for the calculation of the top-pair cross-section at hadron colliders</subfield>
  </datafield>
  <datafield tag="260" ind1=" " ind2=" ">
    <subfield code="c">2014</subfield>
  </datafield>
  <datafield tag="269" ind1=" " ind2=" ">
    <subfield code="c">2011-12-23</subfield>
  </datafield>
  <datafield tag="300" ind1=" " ind2=" ">
    <subfield code="a">10</subfield>
  </datafield>
  <datafield tag="500" ind1=" " ind2=" ">
    <subfield code="9">arXiv</subfield>
    <subfield code="a">v2.0: Major update: includes full NNLO result; functionality updates. Program webpage: http://www.alexandermitov.com/software</subfield>
  </datafield>
  <datafield tag="520" ind1=" " ind2=" ">
    <subfield code="9">arXiv</subfield>
    <subfield code="a">We present the program Top++ for the numerical evaluation of the total inclusive cross-section for producing top quark pairs at hadron colliders. The program calculates the cross-section in a) fixed order approach with exact next-to-next-to leading order (NNLO) accuracy and b) by including soft-gluon resummation for the hadronic cross-section in Mellin space with full next-to-next-to-leading logarithmic (NNLL) accuracy. The program offers the user significant flexibility through the large number (29) of available options. Top++ is written in C++. It has a very simple to use interface that is intuitive and directly reflects the physics. The running of the program requires no programing experience from the user.</subfield>
  </datafield>
  <datafield tag="540" ind1=" " ind2=" ">
    <subfield code="a">http://arxiv.org/licenses/nonexclusive-distrib/1.0/</subfield>
    <subfield code="b">arXiv</subfield>
  </datafield>
  <datafield tag="541" ind1=" " ind2=" ">
    <subfield code="a">arxiv</subfield>
    <subfield code="c">OAI</subfield>
  </datafield>
  <datafield tag="595" ind1=" " ind2=" ">
    <subfield code="9">SPIRES-HIDDEN</subfield>
    <subfield code="a">7 References from LaTeX</subfield>
  </datafield>
  <datafield tag="595" ind1=" " ind2=" ">
    <subfield code="9">SPIRES-HIDDEN</subfield>
    <subfield code="a">10 References from cites2 direct on 12/29/11</subfield>
  </datafield>
  <datafield tag="595" ind1=" " ind2=" ">
    <subfield code="9">SPIRES-HIDDEN</subfield>
    <subfield code="a">10 References from cites2 direct on 01/01/12</subfield>
  </datafield>
  <datafield tag="650" ind1="1" ind2="7">
    <subfield code="2">INSPIRE</subfield>
    <subfield code="a">Experiment-HEP</subfield>
  </datafield>
  <datafield tag="650" ind1="1" ind2="7">
    <subfield code="2">INSPIRE</subfield>
    <subfield code="a">Phenomenology-HEP</subfield>
  </datafield>
  <datafield tag="650" ind1="1" ind2="7">
    <subfield code="2">arXiv</subfield>
    <subfield code="a">hep-ph</subfield>
  </datafield>
  <datafield tag="650" ind1="1" ind2="7">
    <subfield code="2">arXiv</subfield>
    <subfield code="a">hep-ex</subfield>
  </datafield>
  <datafield tag="653" ind1="1" ind2=" ">
    <subfield code="9">author</subfield>
    <subfield code="a">Top-quark</subfield>
  </datafield>
  <datafield tag="653" ind1="1" ind2=" ">
    <subfield code="9">author</subfield>
    <subfield code="a">Resummation</subfield>
  </datafield>
  <datafield tag="653" ind1="1" ind2=" ">
    <subfield code="9">author</subfield>
    <subfield code="a">QCD</subfield>
  </datafield>
  <datafield tag="653" ind1="1" ind2=" ">
    <subfield code="9">author</subfield>
    <subfield code="a">Precision Physics</subfield>
  </datafield>
  <datafield tag="653" ind1="1" ind2=" ">
    <subfield code="9">author</subfield>
    <subfield code="a">Hadron Colliers</subfield>
  </datafield>
  <datafield tag="695" ind1=" " ind2=" ">
    <subfield code="2">INSPIRE</subfield>
    <subfield code="a">top: pair production</subfield>
  </datafield>
  <datafield tag="695" ind1=" " ind2=" ">
    <subfield code="2">INSPIRE</subfield>
    <subfield code="a">total cross section: calculated</subfield>
  </datafield>
  <datafield tag="695" ind1=" " ind2=" ">
    <subfield code="2">INSPIRE</subfield>
    <subfield code="a">numerical calculations</subfield>
  </datafield>
  <datafield tag="695" ind1=" " ind2=" ">
    <subfield code="2">INSPIRE</subfield>
    <subfield code="a">gluon: resummation</subfield>
  </datafield>
  <datafield tag="695" ind1=" " ind2=" ">
    <subfield code="2">INSPIRE</subfield>
    <subfield code="a">programming</subfield>
  </datafield>
  <datafield tag="695" ind1=" " ind2=" ">
    <subfield code="2">INSPIRE</subfield>
    <subfield code="a">quantum chromodynamics</subfield>
  </datafield>
  <datafield tag="700" ind1=" " ind2=" ">
    <subfield code="a">Mitov, Alexander</subfield>
    <subfield code="u">CERN</subfield>
    <subfield code="z">902725</subfield>
  </datafield>
  <datafield tag="773" ind1=" " ind2=" ">
    <subfield code="c">2930</subfield>
    <subfield code="p">Comput.Phys.Commun.</subfield>
    <subfield code="v">185</subfield>
    <subfield code="x">Computer Physics Communications 185 (2014) 2930</subfield>
    <subfield code="y">2014</subfield>
    <subfield code="1">1214781</subfield>
  </datafield>
  <datafield tag="856" ind1="4" ind2=" ">
    <subfield code="u">http://inspirehep.net/record/1082926/files/arXiv:1112.5675.pdf</subfield>
  </datafield>
  <datafield tag="909" ind1="C" ind2="O">
    <subfield code="o">oai:inspirehep.net:1082926</subfield>
    <subfield code="p">CERN</subfield>
    <subfield code="p">INSPIRE:HEP</subfield>
    <subfield code="p">CERN:arXiv</subfield>
    <subfield code="p">CDS</subfield>
  </datafield>
  <datafield tag="961" ind1=" " ind2=" ">
    <subfield code="x">2011-12-29</subfield>
  </datafield>
  <datafield tag="961" ind1=" " ind2=" ">
    <subfield code="c">2012-08-22</subfield>
  </datafield>
  <datafield tag="970" ind1=" " ind2=" ">
    <subfield code="a">SPIRES-9319182</subfield>
  </datafield>
  <datafield tag="980" ind1=" " ind2=" ">
    <subfield code="a">arXiv</subfield>
  </datafield>
  <datafield tag="980" ind1=" " ind2=" ">
    <subfield code="a">Citeable</subfield>
  </datafield>
  <datafield tag="980" ind1=" " ind2=" ">
    <subfield code="a">CORE</subfield>
  </datafield>
  <datafield tag="980" ind1=" " ind2=" ">
    <subfield code="a">HEP</subfield>
  </datafield>
  <datafield tag="980" ind1=" " ind2=" ">
    <subfield code="a">Published</subfield>
  </datafield>
  <datafield tag="999" ind1="C" ind2="5">
    <subfield code="0">1225282</subfield>
    <subfield code="h">M. Czakon, P. Fiedler and A. Mitov</subfield>
    <subfield code="o">1</subfield>
    <subfield code="r">arXiv:1303.6254 [hep-ph]</subfield>
  </datafield>
  <datafield tag="999" ind1="C" ind2="5">
    <subfield code="h">M. Czakon and A. Mitov</subfield>
    <subfield code="o">2</subfield>
    <subfield code="r">arXiv:1210.6832 [hep-ph]</subfield>
    <subfield code="s">JHEP,1301,080</subfield>
    <subfield code="y">2013</subfield>
  </datafield>
  <datafield tag="999" ind1="C" ind2="5">
    <subfield code="h">M. Czakon and A. Mitov</subfield>
    <subfield code="o">3</subfield>
    <subfield code="r">arXiv:1207.0236 [hep-ph]</subfield>
    <subfield code="s">JHEP,1212,054</subfield>
    <subfield code="y">2012</subfield>
  </datafield>
  <datafield tag="999" ind1="C" ind2="5">
    <subfield code="h">P. Baernreuther, M. Czakon and A. Mitov</subfield>
    <subfield code="o">4</subfield>
    <subfield code="r">arXiv:1204.5201 [hep-ph]</subfield>
    <subfield code="s">Phys.Rev.Lett.,109,132001</subfield>
    <subfield code="y">2012</subfield>
  </datafield>
  <datafield tag="999" ind1="C" ind2="5">
    <subfield code="h">M. Beneke, P. Falgari and C. Schwinn</subfield>
    <subfield code="o">5</subfield>
    <subfield code="r">arXiv:0907.1443 [hep-ph]</subfield>
    <subfield code="s">Nucl.Phys.,B828,69</subfield>
    <subfield code="y">2010</subfield>
  </datafield>
  <datafield tag="999" ind1="C" ind2="5">
    <subfield code="h">M. Czakon, A. Mitov and G. F. Sterman</subfield>
    <subfield code="o">6</subfield>
    <subfield code="r">arXiv:0907.1790 [hep-ph]</subfield>
    <subfield code="s">Phys.Rev.,D80,074017</subfield>
    <subfield code="y">2009</subfield>
  </datafield>
  <datafield tag="999" ind1="C" ind2="5">
    <subfield code="h">M. Cacciari, M. Czakon, M. L. Mangano, A. Mitov and P. Nason</subfield>
    <subfield code="o">7</subfield>
    <subfield code="r">arXiv:1111.5869 [hep-ph]</subfield>
    <subfield code="s">Phys.Lett.,B710,612</subfield>
    <subfield code="y">2012</subfield>
  </datafield>
  <datafield tag="999" ind1="C" ind2="5">
    <subfield code="h">M. Beneke, P. Falgari, S. Klein, J. Piclum, C. Schwinn, M. Ubiali and F. Yan</subfield>
    <subfield code="o">8</subfield>
    <subfield code="r">arXiv:1206.2454 [hep-ph]</subfield>
    <subfield code="s">JHEP,1207,194</subfield>
    <subfield code="y">2012</subfield>
  </datafield>
  <datafield tag="999" ind1="C" ind2="5">
    <subfield code="h">M. Aliev, H. Lacker, U. Langenfeld, S. Moch, P. Uwer and M. Wiedermann</subfield>
    <subfield code="o">9</subfield>
    <subfield code="r">arXiv:1007.1327 [hep-ph]</subfield>
    <subfield code="s">Comput.Phys.Commun.,182,1034</subfield>
    <subfield code="y">2011</subfield>
  </datafield>
  <datafield tag="999" ind1="C" ind2="5">
    <subfield code="0">689432</subfield>
    <subfield code="h">M. R. Whalley, D. Bourilkov and R. C. Group</subfield>
    <subfield code="m">arXiv:</subfield>
    <subfield code="o">10</subfield>
    <subfield code="r">hep-ph/0508110</subfield>
  </datafield>
  <datafield tag="999" ind1="C" ind2="5">
    <subfield code="o">10</subfield>
    <subfield code="u">http://hepforge.cedar.ac.uk/lhapdf/</subfield>
  </datafield>
  <datafield tag="999" ind1="C" ind2="5">
    <subfield code="h">A. D. Martin, W. J. Stirling, R. S. Thorne and G. Watt</subfield>
    <subfield code="o">11</subfield>
    <subfield code="r">arXiv:0901.0002 [hep-ph]</subfield>
    <subfield code="s">Eur.Phys.J.,C63,189</subfield>
    <subfield code="y">2009</subfield>
  </datafield>
  <datafield tag="999" ind1="C" ind2="5">
    <subfield code="h">R. Bonciani, S. Catani, M. L. Mangano, P. Nason</subfield>
    <subfield code="o">12</subfield>
    <subfield code="r">hep-ph/9801375</subfield>
    <subfield code="s">Nucl.Phys.,B529,424</subfield>
    <subfield code="y">1998</subfield>
  </datafield>
  <datafield tag="999" ind1="C" ind2="5">
    <subfield code="h">S. Catani, M. L. Mangano, P. Nason and L. Trentadue</subfield>
    <subfield code="m">[arXiv:</subfield>
    <subfield code="o">13</subfield>
    <subfield code="r">hep-ph/9604351</subfield>
    <subfield code="s">Nucl.Phys.,B478,273</subfield>
    <subfield code="y">1996</subfield>
  </datafield>
  <datafield tag="999" ind1="C" ind2="5">
    <subfield code="h">P. M. Nadolsky and Z. Sullivan</subfield>
    <subfield code="m">eConfC 010630, P510 (2001)</subfield>
    <subfield code="o">14</subfield>
    <subfield code="r">hep-ph/0110378</subfield>
  </datafield>
  <datafield tag="999" ind1="C" ind2="5">
    <subfield code="h">M. Cacciari, S. Frixione, M. L. Mangano, P. Nason, G. Ridolfi</subfield>
    <subfield code="o">15</subfield>
    <subfield code="r">arXiv:0804.2800 [hep-ph]</subfield>
    <subfield code="s">JHEP,0809,127</subfield>
    <subfield code="y">2008</subfield>
  </datafield>
  <datafield tag="999" ind1="C" ind2="5">
    <subfield code="h">H. -L. Lai, M. Guzzi, J. Huston, Z. Li, P. M. Nadolsky, J. Pumplin and C. -P. Yuan</subfield>
    <subfield code="o">16</subfield>
    <subfield code="r">arXiv:1007.2241 [hep-ph]</subfield>
    <subfield code="s">Phys.Rev.,D82,074024</subfield>
    <subfield code="y">2010</subfield>
  </datafield>
  <datafield tag="999" ind1="C" ind2="5">
    <subfield code="h">R. D. Ball et al.</subfield>
    <subfield code="m">[The NNPDF Collaboration]</subfield>
    <subfield code="o">17</subfield>
    <subfield code="r">arXiv:1107.2652 [hep-ph]</subfield>
    <subfield code="s">Nucl.Phys.,B855,153</subfield>
    <subfield code="y">2012</subfield>
  </datafield>
  <datafield tag="999" ind1="C" ind2="5">
    <subfield code="h">S. Alekhin, J. Blumlein and S. Moch</subfield>
    <subfield code="o">18</subfield>
    <subfield code="r">arXiv:1202.2281 [hep-ph]</subfield>
    <subfield code="s">Phys.Rev.,D86,054009</subfield>
    <subfield code="y">2012</subfield>
  </datafield>
  <datafield tag="999" ind1="C" ind2="5">
    <subfield code="h">S. Alekhin, J. Blumlein, S. Klein and S. Moch</subfield>
    <subfield code="o">19</subfield>
    <subfield code="r">arXiv:0908.2766 [hep-ph]</subfield>
    <subfield code="s">Phys.Rev.,D81,014032</subfield>
    <subfield code="y">2010</subfield>
  </datafield>
  <datafield tag="999" ind1="C" ind2="5">
    <subfield code="h">S. Alekhin</subfield>
    <subfield code="o">20</subfield>
    <subfield code="r">hep-ph/0211096</subfield>
    <subfield code="s">Phys.Rev.,D68,014002</subfield>
    <subfield code="y">2003</subfield>
  </datafield>
  <datafield tag="999" ind1="C" ind2="5">
    <subfield code="h">M. Czakon and A. Mitov</subfield>
    <subfield code="o">21</subfield>
    <subfield code="r">arXiv:0812.0353 [hep-ph]</subfield>
    <subfield code="s">Phys.Lett.,B680,154</subfield>
    <subfield code="y">2009</subfield>
  </datafield>
  <datafield tag="999" ind1="C" ind2="5">
    <subfield code="h">M. Beneke, M. Czakon, P. Falgari, A. Mitov, C. Schwinn</subfield>
    <subfield code="o">22</subfield>
    <subfield code="r">arXiv:0911.5166 [hep-ph]</subfield>
    <subfield code="s">Phys.Lett.,B690,483</subfield>
    <subfield code="y">2010</subfield>
  </datafield>
  <datafield tag="999" ind1="C" ind2="5">
    <subfield code="h">P. Nason, S. Dawson and R. K. Ellis</subfield>
    <subfield code="o">23</subfield>
    <subfield code="s">Nucl.Phys.,B303,607</subfield>
    <subfield code="y">1988</subfield>
  </datafield>
  <datafield tag="999" ind1="C" ind2="5">
    <subfield code="9">CURATOR</subfield>
    <subfield code="h">M. Czakon and A. Mitov</subfield>
    <subfield code="o">24</subfield>
    <subfield code="r">arXiv:0811.4119</subfield>
    <subfield code="s">Nucl.Phys.,B824,111</subfield>
    <subfield code="y">2010</subfield>
  </datafield>
  <datafield tag="999" ind1="C" ind2="6">
    <subfield code="a">0-1-1-1-0-0-1</subfield>
    <subfield code="t">2013-03-29 21:18:31</subfield>
    <subfield code="v">Invenio/1.0.0.1673-9319 refextract/1.5.32</subfield>
  </datafield>
</record>

</collection>